%%%%%%%%%%%%%%%%%%%%%
% Intro
%%%%%%%%%%%%%%%%%%%%%

@article{maio1999metaphorical,
  title={The metaphorical and mythical use of the kidney in antiquity},
  author={Maio, Giovanni},
  journal={American journal of nephrology},
  volume={19},
  number={2},
  pages={101--106},
  year={1999},
  publisher={Karger Publishers}
}




@Book{saladin,
	author = {Ken Saladin},
	title = {Anatomy \& Physiology: The Unity of 	Form and Function},
	publisher = {McGraw-Hill},
	year = {2009},
	address = {USA},
	edition = {5th}
}

@Book{health_and_disease,
	author = {Kevin Patton and Gary Thibodeau},
	title = {The Human Body in Health \& Disease},
	publisher = {Elsevier},
	year = {2017},
	address = {USA},
	edition = {7th}
}

@article{kidney_dimensions,
  title={Kidney dimensions at sonography: correlation with age, sex, and habitus in 665 adult volunteers.},
  author={Emamian, Seyed Alireza and Nielsen, Michael Bachmann and Pedersen, Jan Fog and Ytte, Lars},
  journal={AJR. American journal of roentgenology},
  volume={160},
  number={1},
  pages={83--86},
  year={1993},
  publisher={Am Roentgen Ray Soc}
}

@Book{mosby,
	author = {Koeppen, Bruce M. and Stanton, Bruce A.},
	title = {Renal Physiology: Mosby Physiology Monograph Series},
	publisher = {Elsevier-Health Sciences Division},
	year = {2013},
	address = {USA},
	edition = {5th}
}

@misc{onekidney,
	author = {{Kidney Research UK}},
	title = {{Living with one kidney}},
	note = {[Online]. Available: \url{https://www.kidneyresearchuk.org/health-information/living-with-one-kidney}. [Accessed: 14-Feb-2018]}
}

%%%%%%%%%%%%%%%%%%%
% Kidney function
%%%%%%%%%%%%%%%%%%%

@article{emmanouel1980role,
  title={Role of the kidney in hormone metabolism and its implications in clinical medicine},
  author={Emmanouel, DS and Lindheimer, MD and Katz, AI},
  journal={Klinische Wochenschrift},
  volume={58},
  number={19},
  pages={1005--1012},
  year={1980},
  publisher={Springer}
}

@article{guyton1972arterial,
  title={Arterial pressure regulation: overriding dominance of the kidneys in long-term regulation and in hypertension},
  author={Guyton, Arthur C and Coleman, Thomas G and Cowley, Allen W and Scheel, Konrad W and Manning, R Davis and Norman, Roger A},
  journal={The American journal of medicine},
  volume={52},
  number={5},
  pages={584--594},
  year={1972},
  publisher={Elsevier}
}

@incollection{sturkie1986kidneys,
  title={Kidneys, extrarenal salt excretion, and urine},
  author={Sturkie, PD},
  booktitle={Avian physiology},
  pages={359--382},
  year={1986},
  publisher={Springer}
}

@article{jequier2010water,
  title={Water as an essential nutrient: the physiological basis of hydration},
  author={J{\'e}quier, Eric and Constant, Florence},
  journal={European journal of clinical nutrition},
  volume={64},
  number={2},
  pages={115},
  year={2010},
  publisher={Nature Publishing Group}
}

@incollection{newsholme1967control,
  title={Control of glycolysis and gluconeogenesis in liver and kidney cortex},
  author={Newsholme, EA and Gevers, W},
  booktitle={Vitamins \& Hormones},
  volume={25},
  pages={1--87},
  year={1967},
  publisher={Elsevier}
}

@article{hamm2015acid,
  title={Acid-base homeostasis},
  author={Hamm, L Lee and Nakhoul, Nazih and Hering-Smith, Kathleen S},
  journal={Clinical Journal of the American Society of Nephrology},
  volume={10},
  number={12},
  pages={2232--2242},
  year={2015},
  publisher={Am Soc Nephrol}
}

@article{williams2009vitamin,
  title={Vitamin D and chronic kidney disease},
  author={Williams, Sandra and Malatesta, Karla and Norris, Keith},
  journal={Ethnicity \& disease},
  volume={19},
  number={4 Suppl 5},
  pages={S5},
  year={2009},
  publisher={NIH Public Access}
}

@article{donnelly2001erythropoietin,
  title={Why is erythropoietin made in the kidney? The kidney functions as a critmeter},
  author={Donnelly, Sandra},
  journal={American journal of kidney diseases},
  volume={38},
  number={2},
  pages={415--425},
  year={2001},
  publisher={Elsevier}
}

@book{normal_values,
	title={The kidney: structure and function in health and disease},
	author={Smith, Homer William},
	volume={1},
	year={1951},
	publisher={Oxford University Press, USA}
}

@article{weinstein2010aging,
  title={The aging kidney: physiological changes},
  author={Weinstein, Jessica R and Anderson, Sharon},
  journal={Advances in chronic kidney disease},
  volume={17},
  number={4},
  pages={302--307},
  year={2010},
  publisher={Elsevier}
}


@article{traynor2006measure,
	title={How to measure renal function in clinical practice},
	author={Traynor, Jamie and Mactier, Robert and Geddes, Colin C and Fox, Jonathan G},
	journal={BMJ: British Medical Journal},
	volume={333},
	number={7571},
	pages={733},
	year={2006},
	publisher={BMJ Publishing Group}
}

@incollection{delanaye2012measuring,
  title={How measuring glomerular filtration rate? Comparison of reference methods},
  author={Delanaye, Pierre},
  booktitle={Basic Nephrology and Acute Kidney Injury},
  year={2012},
  publisher={InTech}
}

@article{statistics,
	title={Chronic kidney disease: global 	dimension and perspectives},
	author={Jha, Vivekanand and Garcia-Garcia, Guillermo and Iseki, Kunitoshi and Li, Zuo and Naicker, Saraladevi and Plattner, Brett and Saran, Rajiv and Wang, Angela Yee-Moon and Yang, Chih-Wei},
	journal={The Lancet},
	volume={382},
	number={9888},
	pages={260--272},
	year={2013},
	publisher={Elsevier}
}

@article{cardiovascular_diseases,
	title={Kidney disease as a risk factor for development of cardiovascular disease},
	author={Sarnak, Mark J and Levey, Andrew S and Schoolwerth, Anton C and Coresh, Josef and Culleton, Bruce and Hamm, L Lee and McCullough, Peter A and Kasiske, Bertram L and Kelepouris, Ellie and Klag, Michael J and others},
	journal={Circulation},
	volume={108},
	number={17},
	pages={2154--2169},
	year={2003},
	publisher={Am Heart Assoc}
}

@misc{national_kidney_foundation,
	author = {{National Kidney Foundation}},
	title = {{Kidney Disease: the basics}},
	note = {[Online]. Available: \url{https://www.kidney.org/news/newsroom/factsheets/KidneyDiseaseBasics}. [Accessed: 13-Nov-2017]}
}

@misc{national_kidney_foundation_values,
	author = {{National Kidney Foundation}},
	title = {{Glomerular Filtration Rate (GFR)}},
	note = {[Online]. Available: \url{https://www.kidney.org/atoz/content/gfr}. [Accessed: 13- Nov- 2017]}
}

@misc{gfr_dictionary,
	author = {{The Free Dictionary: medical dictionary}},
	title = {Glomerular filtartion rate},
	note = {[Online]. Available: \url{https://medical-dictionary.thefreedictionary.com/glomerular+filtration+rate}. [Accessed: 01-Feb-2017]}
}



@misc{referencevalues,
	author = {{Khanacademy}},
	title = {{Renal physiology: Glomerular filtration}},
	note = {[Online]. Available: \url{https://www.khanacademy.org/test-prep/mcat/organ-systems/the-renal-system/a/renal-physiology-glomerular-filtration}. [Accessed: 12-Feb-2017]}
}





%%%%%%%%%%%%%%%%%%%%%%%%%%%%%
% DCE-MRI
%%%%%%%%%%%%%%%%%%%%%%%%%%%%%

@article{rontgen1896new,
  title={On a new kind of rays},
  author={R{\"o}ntgen, Wilhelm Conrad},
  journal={Science},
  volume={3},
  number={59},
  pages={227--231},
  year={1896},
  publisher={JSTOR}
}

@book{bronzino1999biomedical,
  title={Biomedical engineering handbook},
  author={Bronzino, Joseph D},
  volume={2},
  year={1999},
  publisher={CRC press}
}

@inbook{biomedical_hanbook_imaging,
author = {{S. Conolly et al.}},
chapter = {Magnetic Resonance Imaging},
crossref = {bronzino1999biomedical}
}

@article{hidalgo2010theory,
  title={Theory of gradient coil design methods for magnetic resonance imaging},
  author={Hidalgo-Tobon, SS},
  journal={Concepts in Magnetic Resonance Part A},
  volume={36},
  number={4},
  pages={223--242},
  year={2010},
  publisher={Wiley Online Library}
}

@book{bushong2014magnetic,
  title={Magnetic resonance imaging: physical and biological principles},
  author={Bushong, Stewart C and Clarke, Geoffrey},
  year={2014},
  publisher={Elsevier Health Sciences}
}


@article{sharma200821,
  title={21 Tesla Micro-MRI of Rat Skin},
  author={Sharma, Rakesh and Fulzele, Suniket and Shetty, Kiran and Sachdeva, Mandeep and Locke, Bruce R},
  year={2008},
  publisher={Nature Publishing Group}
}


@article{grover2015magnetic,
  title={Magnetic resonance imaging: principles and techniques: lessons for clinicians},
  author={Grover, Vijay PB and Tognarelli, Joshua M and Crossey, Mary ME and Cox, I Jane and Taylor-Robinson, Simon D and McPhail, Mark JW},
  journal={Journal of clinical and experimental hepatology},
  volume={5},
  number={3},
  pages={246--255},
  year={2015},
  publisher={Elsevier}
}

@misc{magnes,
	author = {{Startradiology}},
	title = {{MRI Technique}},
	note = {[Online]. Available: \url{http://www.startradiology.com/the-basics/mri-technique/}. [Accessed: 12-Feb-2017]}
}

@misc{t1t2brain,
	author = {{St. Vincent's University Hospital. Radiology Departament}},
	title = {{MRI}},
	note = {[Online]. Available: \url{http://www.svuhradiology.ie/diagnostic-imaging/mri/}. [Accessed: 12-Feb-2017]}
}





@misc{mriApplications,
	author = {WebMD},
	title = {{What Is an MRI?}},
	note = {[Online]. Available: \url{https://www.webmd.com/a-to-z-guides/what-is-an-mri\#1.} [Accessed: 08-Feb-2018]}
}

@book{jackson2005dynamic,
  title={Dynamic contrast-enhanced magnetic resonance imaging in oncology},
  author={Jackson, Alan and Buckley, David L and Parker, Geoffrey JM and others},
  year={2005},
  publisher={Springer}
}

@article{barnes2012practical,
  title={Practical dynamic contrast enhanced MRI in small animal models of cancer: data acquisition, data analysis, and interpretation},
  author={Barnes, Stephanie L and Whisenant, Jennifer G and Loveless, Mary E and Yankeelov, Thomas E},
  journal={Pharmaceutics},
  volume={4},
  number={3},
  pages={442--478},
  year={2012},
  publisher={Molecular Diversity Preservation International}
}









@Manual{R,
	title = {R: A Language and Environment for Statistical Computing},
	author = {{R Development Core Team}},
organization = {R Foundation for Statistical Computing},
	address = {Vienna, Austria},
	year = {2008},
	note = {{ISBN} 3-900051-07-0},
	url = {http://www.R-project.org},
}

@Manual{ANTsR,
	title = {ANTsR: ANTs in R: quantification tools for biomedical images},
	author = {Brian B. Avants and Benjamin M. Kandel and Jeff T. Duda and Philip A. Cook and Nicholas J. Tustison and Shrinidhi KL},
	year = {2016},
	note = {R package version 0.3.3},
}

@Article{itk-snap,
	author = {Paul A. Yushkevich and Joseph Piven and Cody Hazlett, Heather and Gimpel Smith, Rachel and Sean Ho and James C. Gee and Guido Gerig},
	title = {User-Guided {3D} Active Contour Segmentation of Anatomical Structures: Significantly Improved Efficiency and Reliability},
	journal = {Neuroimage},
	year = {2006},
  volume = {31},
  number = {3},
  pages = {1116--1128},
}

@article{KidneySubsegmentation,
	title={Renal compartment segmentation in DCE-MRI images},
	author={Yang, Xin and Le Minh, Hung and Cheng, Kwang-Ting Tim and Sung, Kyung Hyun and Liu, Wenyu},
	journal={Medical image analysis},
	volume={32},
	pages={269--280},
	year={2016},
	publisher={Elsevier}
}

@article{khalifa2014models,
	title={Models and methods for analyzing DCE-MRI: A review},
	author={Khalifa, Fahmi and Soliman, Ahmed and El-Baz, Ayman and Abou El-Ghar, Mohamed and El-Diasty, Tarek and Gimel'farb, Georgy and Ouseph, Rosemary and Dwyer, Amy C},
	journal={Medical physics},
	volume={41},
	number={12},
	year={2014},
	publisher={Wiley Online Library}
}



@article{bokacheva2008assessment,
  title={{Assessment of renal function with dynamic contrast-enhanced MR imaging}},
  author={Bokacheva, Louisa and Rusinek, Henry and Zhang, Jeff L and Lee, Vivian S},
  journal={Magnetic resonance imaging clinics of North America},
  volume={16},
  number={4},
  pages={597--611},
  year={2008},
  publisher={Elsevier}
}

@article{eikefjord2017dynamic,
  title={Dynamic contrast-enhanced MRI measurement of renal function in healthy participants},
  author={Eikefjord, Eli and Andersen, Erling and Hodneland, Erlend and Hanson, Erik A and Sourbron, Steven and Svarstad, Einar and Lundervold, Arvid and R{\o}rvik, Jarle T},
  journal={Acta Radiologica},
  volume={58},
  number={6},
  pages={748--757},
  year={2017},
  publisher={SAGE Publications Sage UK: London, England}
}

@misc{simens,
	author = {{Simens Healthineers}},
	title = {MAGNETOM Avanto},
	note = {[Online]. Available: https://www.healthcare.siemens.com/magnetic-resonance-imaging/0-35-to-1-5t-mri-scanner/magnetom-avanto [Accessed: 13- Nov- 2017]}
}

@Manual{python,
	title = {Python: A dynamic, open source programming language},
	author = {{Python Core Team}},
	organization = {Python Software Foundation},
	year = {2015},
	url = {https://www.python.org/}
}

@inproceedings{kmeans,
  title={Some methods for classification and analysis of multivariate observations},
  author={MacQueen, James and others},
  booktitle={Proceedings of the fifth Berkeley symposium on mathematical statistics and probability},
  volume={1},
  number={14},
  pages={281--297},
  year={1967},
  organization={Oakland, CA, USA.}
}

@book{pca,
  title={A user's guide to principal components},
  author={Jackson, J Edward},
  volume={587},
  year={2005},
  publisher={John Wiley \& Sons}
}

@article{wold1987principal,
  title={Principal component analysis},
  author={Wold, Svante and Esbensen, Kim and Geladi, Paul},
  journal={Chemometrics and intelligent laboratory systems},
  volume={2},
  number={1-3},
  pages={37--52},
  year={1987},
  publisher={Elsevier}
}

@book{dunteman1989principal,
  title={Principal components analysis},
  author={Dunteman, George H},
  number={69},
  year={1989},
  publisher={Sage}
}

@article{gerlowski1983physiologically,
  title={Physiologically based pharmacokinetic modeling: principles and applications},
  author={Gerlowski, Leonard E and Jain, Rakesh K},
  journal={Journal of pharmaceutical sciences},
  volume={72},
  number={10},
  pages={1103--1127},
  year={1983},
  publisher={Wiley Online Library}
}

@article {PMID:20540902,
	Title = {Compartmental modelling for magnetic resonance renography},
	Author = {Sourbron, Steven},
	DOI = {10.1016/j.zemedi.2009.10.010},
	Number = {2},
	Volume = {20},
	Year = {2010},
	Journal = {Zeitschrift fur medizinische Physik},
	ISSN = {0939-3889},
	Pages = {101—114},
	URL = {https://doi.org/10.1016/j.zemedi.2009.10.010},
}



@article{michoux2006analysis,
  title={Analysis of contrast-enhanced MR images to assess renal function},
  author={Michoux, Nicolas and Vall{\'e}e, Jean-Paul and Pechere-Bertschi, A and Montet, X and Buehler, L and Van Beers, BE},
  journal={Magnetic Resonance Materials in Physics, Biology and Medicine},
  volume={19},
  number={4},
  pages={167--179},
  year={2006},
  publisher={Springer}
}

@article{lim2013prediction,
  title={Prediction and assessment of responses to renal artery revascularization with dynamic contrast-enhanced magnetic resonance imaging: a pilot study},
  author={Lim, Su Wei and Chrysochou, Constantina and Buckley, David L and Kalra, Philip A and Sourbron, Steven P},
  journal={American Journal of Physiology-Renal Physiology},
  volume={305},
  number={5},
  pages={F672--F678},
  year={2013},
  publisher={Am Physiological Soc}
}

@article{sourbron2011tracer,
  title={Tracer kinetic modelling in MRI: estimating perfusion and capillary permeability},
  author={Sourbron, SP and Buckley, David L},
  journal={Physics in medicine and biology},
  volume={57},
  number={2},
  pages={R1},
  year={2011},
  publisher={IOP Publishing}
}

@article{tofts1991measurement,
  title={Measurement of the blood-brain barrier permeability and leakage space using dynamic MR imaging. 1. Fundamental concepts},
  author={Tofts, Paul S and Kermode, Allan G},
  journal={Magnetic resonance in medicine},
  volume={17},
  number={2},
  pages={357--367},
  year={1991},
  publisher={Wiley Online Library}
}

@article{tofts1997modeling,
  title={Modeling tracer kinetics in dynamic Gd-DTPA MR imaging},
  author={Tofts, Paul S},
  journal={Journal of magnetic resonance imaging},
  volume={7},
  number={1},
  pages={91--101},
  year={1997},
  publisher={Wiley Online Library}
}

@article{patlak1983graphical,
  title={Graphical evaluation of blood-to-brain transfer constants from multiple-time uptake data},
  author={Patlak, Clifford S and Blasberg, Ronald G and Fenstermacher, Joseph D},
  journal={Journal of Cerebral Blood Flow \& Metabolism},
  volume={3},
  number={1},
  pages={1--7},
  year={1983},
  publisher={SAGE Publications Sage UK: London, England}
}

@article{hubel1968receptive,
  title={Receptive fields and functional architecture of monkey striate cortex},
  author={Hubel, David H and Wiesel, Torsten N},
  journal={The Journal of physiology},
  volume={195},
  number={1},
  pages={215--243},
  year={1968},
  publisher={Wiley Online Library}
}

@Book{handson,
	author = {Aurélien Géron},
	title = {Hands-On Machine Learning with Scikit-Learn and TensorFlow},
	publisher = {O'Reilly Media},
	year = {2017},
	address = {USA}
}